<?xml version="1.0" encoding="UTF-8"?><collection xmlns="http://www.loc.gov/MARC21/slim"><record><leader>00341nam--2200121-i-4500</leader><controlfield tag="001">000014170</controlfield><controlfield tag="002">20161230</controlfield><controlfield tag="005">20161230201030</controlfield><controlfield tag="008">060222s1000------------r-----000-0-eng-d</controlfield><datafield ind1=" " ind2=" " tag="080"><subfield code="a">550.3(061.3)</subfield></datafield><datafield ind1=" " ind2=" " tag="245"><subfield code="a">Comtes rendus-annee 1964 + anexe</subfield></datafield><datafield ind1=" " ind2=" " tag="260"><subfield code="a">Paris, Comite National Francais De Geodesie Et Geophysique, 1965. 46 + 24 P</subfield></datafield><datafield ind1=" " ind2=" " tag="852"><subfield code="a">47785</subfield></datafield></record></collection>